
@book{boutin_en_2009,
	location = {Sherbrooke, Québec},
	title = {En route vers une formation professionnelle universitaire réussie},
	isbn = {978-2-921155-15-1},
	publisher = {André Noël},
	author = {Boutin, Noël},
	date = {2009}
}

@online{arduino_arduino_2019,
	title = {Arduino - {ServoWriteMicroseconds}},
	url = {https://www.arduino.cc/en/Reference/ServoWriteMicroseconds},
	abstract = {Open-source electronic prototyping platform enabling users to create interactive electronic objects.},
	author = {{Arduino}},
	urldate = {2019-12-05},
	date = {2019}
}

@online{noauthor_trackstar_nodate,
	title = {{TrackStar} 8.5T Sensored moteur Brushless 4620KV haut {RPM} ({RAAR} approuvé)},
	url = {https://hobbyking.com/fr_fr/turnigy-trackstar-8-5t-sensored-brushless-motor-4620kv-roar-approved.html?___store=fr_fr},
	abstract = {{TrackStar} 8.5T Sensored moteur Brushless 4620KV haut {RPM} ({RAAR} approuvé)},
	titleaddon = {Hobbyking},
	urldate = {2019-12-05},
	langid = {french}
}

@online{noauthor_setting_nodate,
	title = {Setting up Bluetooth {HC}-05 with Arduino},
	url = {https://exploreembedded.com/wiki/Setting_up_Bluetooth_HC-05_with_Arduino},
	abstract = {Even though  Bluetooth Low Energy Modules available at a reasonable cost, most of these modules are not compatible with existing devices that support the classic Bluetooth. The {HC}-05 is an expensive module that is compatible with wide range of devices including smartphone, laptops and tablets. Adding...},
	titleaddon = {Tutorials},
	urldate = {2019-12-05},
	langid = {english}
}